@inproceedings{groth,
    title={One-out-of-many proofs: Or how to leak a secret and spend a coin},
    author={Groth, Jens and Kohlweiss, Markulf},
    booktitle={Annual International Conference on the Theory and Applications of Cryptographic Techniques},
    pages={253--280},
    year={2015},
    organization={Springer}
}

@misc{gray,
  author = {Gray, Frank},
  title = {Pulse Code Communication},
  year = {1950},
  note = {Bell Telephone Laboratories, Incorporated. US Patent 2,632,058},
  url = {https://patentimages.storage.googleapis.com/a3/d7/f2/0343f5f2c0cf50/US2632058.pdf},
}

@article{ringct,
    title={Ring confidential transactions},
    author={Noether, Shen and Mackenzie, Adam and others},
    journal={Ledger},
    volume={1},
    pages={1--18},
    year={2016}
}

@misc{guan,
    author = {Dah-jyh Guan},
    title = {(Scientific Note) Generalized Gray Codes with Applications},
    year = {1998}
}

@misc{triptych,
    author = {Sarang Noether and Brandon Goodell},
    title = {Triptych: logarithmic-sized linkable ring signatures with applications},
    howpublished = {Cryptology ePrint Archive, Report 2020/018},
    year = {2020},
    note = {\url{https://eprint.iacr.org/2020/018}},
}

@misc{arcturus,
    author = {Sarang Noether},
    title = {Arcturus:  efficient proofs for confidential transactions},
    howpublished = {Cryptology ePrint Archive, Report 2020/312},
    year = {2020},
    note = {\url{https://eprint.iacr.org/2020/312}},
}

@misc{fujisaki,
    author = {Eiichiro Fujisaki, Koutarou Suzuki},
    title = {Traceabl06},
    note = {\url{https://eprint.iacr.org/2006/389}},
}

@inproceedings{Borisov,
    author = {Nikita Borisov and Ian Goldberg and Eric Brewer},
    title = {Off-the-record communication, or, why not to use pgp},
    booktitle = {In Proceedings of the 2004 ACM workshop on Privacy in the electronic society, WPES â€™04},
    year = {2004},
    pages = {77--84},
    publisher = {ACM}
}

@inproceedings{zerocoin,
    title={Zerocoin: Anonymous distributed e-cash from {B}itcoin},
    author={Miers, Ian and Garman, Christina and Green, Matthew and Rubin, Aviel D},
    booktitle={2013 IEEE Symposium on Security and Privacy},
    pages={397--411},
    year={2013},
    organization={IEEE}
}

@misc{lelantus,
    author = {Aram Jivanyan},
    title = {Lelantus: Towards Confidentiality and Anonymity of Blockchain Transactions from Standard Assumptions},
    howpublished = {Cryptology ePrint Archive, Report 2019/373},
    year = {2019},
    note = {\url{https://eprint.iacr.org/2019/373}},
}

@inproceedings{bootle,
    title={Short accountable ring signatures based on {DDH}},
    author={Bootle, Jonathan and Cerulli, Andrea and Chaidos, Pyrros and Ghadafi, Essam and Groth, Jens and Petit, Christophe},
    booktitle={European Symposium on Research in Computer Security},
    pages={243--265},
    year={2015},
    organization={Springer}
}
