@misc{naka,
  author = {Nakamoto, Satoshi},
  title = {Bitcoin: A peer-to-peer electronic cash system},
  year = {2008},
}

@misc{rocket,
  title={Scalable and Probabilistic Leaderless BFT Consensus through Metastability},
  author={Team Rocket and Maofan Yin and Kevin Sekniqi and Robbert van Renesse and Emin GÃ¼n Sirer},
  year={2020},
  eprint={1906.08936},
  archivePrefix={arXiv},
  primaryClass={cs.DC}
}

@misc{buchwald2024frosty,
      title={Frosty: Bringing strong liveness guarantees to the Snow family of consensus protocols},
      author={Aaron Buchwald and Stephen Buttolph and Andrew Lewis-Pye and Patrick O'Grady and Kevin Sekniqi},
      year={2024},
      eprint={2404.14250},
      archivePrefix={arXiv},
      primaryClass={cs.DC},
      url={https://arxiv.org/abs/2404.14250},
}